<collection>
<record>
<leader>05847cpcaa22008297i 4500</leader>
<controlfield tag="001">20171910</controlfield>
<controlfield tag="005">20230104150911.0</controlfield>
<controlfield tag="007">st ||nbm|i|n|e</controlfield>
<controlfield tag="007">ss ||njl|||n|e</controlfield>
<controlfield tag="007">kv c||</controlfield>
<controlfield tag="007">kg b||</controlfield>
<controlfield tag="008">171207i19642017ii tam </controlfield>
<datafield ind1=" " ind2=" " tag="906">
<subfield code="a">7</subfield>
<subfield code="b">cbc</subfield>
<subfield code="c">orignew</subfield>
<subfield code="d">u</subfield>
<subfield code="e">ncip</subfield>
<subfield code="f">20</subfield>
<subfield code="g">y-folklife</subfield>
</datafield>
<datafield ind1=" " ind2=" " tag="955">
<subfield code="a">mkru 2017-12-07</subfield>
<subfield code="a">mseg 2019-04-03</subfield>
<subfield code="a">masmit 2020-10-07</subfield>
<subfield code="a">masmit 2020-11-20</subfield>
<subfield code="a">masmit 2020-11-24</subfield>
<subfield code="a">masmit 2020-12-01</subfield>
<subfield code="a">masmit 2022-12-05</subfield>
<subfield code="a">masmit 2023-01-04</subfield>
</datafield>
<datafield ind1=" " ind2=" " tag="010">
<subfield code="a"> 2017655434</subfield>
</datafield>
<datafield ind1=" " ind2=" " tag="040">
<subfield code="a">DLC</subfield>
<subfield code="b">eng</subfield>
<subfield code="e">dacs</subfield>
<subfield code="c">DLC</subfield>
<subfield code="d">DLC</subfield>
<subfield code="d">DLC</subfield>
</datafield>
<datafield ind1="1" ind2=" " tag="041">
<subfield code="d">tam</subfield>
<subfield code="d">eng</subfield>
<subfield code="h">eng</subfield>
<subfield code="g">tam</subfield>
<subfield code="g">eng</subfield>
</datafield>
<datafield ind1=" " ind2=" " tag="043">
<subfield code="a">a-ii---</subfield>
</datafield>
<datafield ind1=" " ind2=" " tag="090">
<subfield code="a">
RXJ 4926-4959 (5 in. sound tape reels); RYQ 2993-3035 (sound cassettes)
</subfield>
</datafield>
<datafield ind1=" " ind2=" " tag="090">
<subfield code="a">AFC 2017/050</subfield>
</datafield>
<datafield ind1="0" ind2="0" tag="245">
<subfield code="a">Brenda Beck collection from Tamil Nadu, India,</subfield>
<subfield code="f">1964-2017</subfield>
<subfield code="g">(bulk 1964-1966).</subfield>
</datafield>
<datafield ind1=" " ind2=" " tag="300">
<subfield code="3">whole collection</subfield>
<subfield code="a">approximately 22165</subfield>
<subfield code="f">items</subfield>
</datafield>
<datafield ind1=" " ind2=" " tag="300">
<subfield code="3">whole collection</subfield>
<subfield code="a">46</subfield>
<subfield code="f">containers</subfield>
</datafield>
<datafield ind1=" " ind2=" " tag="300">
<subfield code="3">whole collection</subfield>
<subfield code="a">15</subfield>
<subfield code="f">linear feet</subfield>
</datafield>
<datafield ind1=" " ind2=" " tag="300">
<subfield code="3">manuscripts</subfield>
<subfield code="a">8818</subfield>
<subfield code="f">manuscript materials</subfield>
</datafield>
<datafield ind1=" " ind2=" " tag="300">
<subfield code="3">sound recordings</subfield>
<subfield code="a">34 sound tape reels (80 hours) :</subfield>
<subfield code="b">analog ;</subfield>
<subfield code="c">5 in.</subfield>
</datafield>
<datafield ind1=" " ind2=" " tag="300">
<subfield code="3">sound recordings</subfield>
<subfield code="a">43 sound cassettes :</subfield>
<subfield code="b">analog</subfield>
</datafield>
<datafield ind1=" " ind2=" " tag="300">
<subfield code="3">graphic materials</subfield>
<subfield code="a">1457 photographs :</subfield>
<subfield code="b">film, negatives, black and white</subfield>
</datafield>
<datafield ind1=" " ind2=" " tag="300">
<subfield code="3">graphic materials</subfield>
<subfield code="a">90 photographs :</subfield>
<subfield code="b">film, negatives, color</subfield>
</datafield>
<datafield ind1=" " ind2=" " tag="300">
<subfield code="3">graphic materials</subfield>
<subfield code="a">3090 slides :</subfield>
<subfield code="b">color ;</subfield>
<subfield code="c">35 mm</subfield>
</datafield>
<datafield ind1=" " ind2=" " tag="300">
<subfield code="3">graphic materials</subfield>
<subfield code="a">5 photographs :</subfield>
<subfield code="b">black and white;</subfield>
<subfield code="c">various sizes</subfield>
</datafield>
<datafield ind1=" " ind2=" " tag="300">
<subfield code="3">electronic media</subfield>
<subfield code="a">1 flash drive (8617 files) :</subfield>
<subfield code="b">digital files (wav, doc, pdf, jpeg, tif)</subfield>
</datafield>
<datafield ind1=" " ind2=" " tag="300">
<subfield code="3">electronic media</subfield>
<subfield code="a">10 optical discs :</subfield>
<subfield code="b">digital files (wav, doc pdf, jpeg, tif) ;</subfield>
<subfield code="c">4 3/4 in.</subfield>
</datafield>
<datafield ind1=" " ind2=" " tag="520">
<subfield code="a">
Collection of field documentation, including photographs and field recordings made by Brenda E. F. Beck during her research in the Kongu area of Tamil Nadu, India from 1964-1966. Includes audio recordings of long epic stories and shorter tales, local legends, myths, proverbs, riddles, and songs, including chants, lullabies, devotional songs, wedding songs, and funeral songs. The collection is rich in documentation of oral narrative, especially tied to temple rituals and rites of passage. Most of the material has been neatly transcribed in Tamil and translated into English. Manuscripts include extensive field notes, diaries, and maps. Beck digitized the majority of the material in 2005 and 2017.
</subfield>
</datafield>
<datafield ind1="2" ind2=" " tag="520">
<subfield code="a">
The collection documents two years of field research Brenda Beck conducted in the Kongunadu region of Tamil Nadu, India. The interviews were conducted in 1964-1966 as part of her doctoral research in anthropology at Somerville College, Oxford. She was assisted by Sundaram, and for a short period, Professor Harold Schiffman, a linguist who recorded a few short stories for Beck. After concluding her research, Beck extended Sundaram's employment, and he continued to collect stories for her.
</subfield>
</datafield>
<datafield ind1="8" ind2=" " tag="524">
<subfield code="a">
Brenda Beck collection from Tamil Nadu, India (AFC 2017/050), American Folklife Center, Library of Congress, Washington, D.C.
</subfield>
</datafield>
<datafield ind1="0" ind2=" " tag="506">
<subfield code="a">
The collection is open for research. To request materials, please contact the Folklife Reading Room at
</subfield>
<subfield code="u">http://hdl.loc.gov/loc.afc/folklife.contact</subfield>
</datafield>
<datafield ind1=" " ind2=" " tag="540">
<subfield code="a">
Duplication of collection materials may be governed by copyright and other restrictions.
</subfield>
</datafield>
<datafield ind1=" " ind2=" " tag="541">
<subfield code="a">Brenda E. F. Beck;</subfield>
<subfield code="c">Donation;</subfield>
<subfield code="d">2017.</subfield>
</datafield>
<datafield ind1=" " ind2=" " tag="545">
<subfield code="a">
Dr. Brenda E. F. Beck is an adjunct professor of anthropology at the University of Toronto, Scarborough. She was drawn to Tamil culture after she visited the state of Tamil Nadu in Southern India when she was 14 years old and has spent her life documenting Tamil culture. In 1964, she returned to the region, to the village of Olappalayam, where she conducted her doctoral research. Her interests include South Asian mythology and Tamil folk stories.
</subfield>
</datafield>
<datafield ind1=" " ind2=" " tag="546">
<subfield code="a">
In Tamil and English, including translations from Tamil to English.
</subfield>
</datafield>
<datafield ind1="0" ind2=" " tag="555">
<subfield code="a">Finding aid is available online</subfield>
<subfield code="u">https://hdl.loc.gov/loc.afc/eadafc.af020008</subfield>
</datafield>
<datafield ind1=" " ind2=" " tag="581">
<subfield code="a">
Publication: Beck, Brenda E. F. Peasant society in Koṅku; a study of right and left subcastes in South India (Vancouver: University of British Columbia Press, 1972)
</subfield>
</datafield>
<datafield ind1=" " ind2=" " tag="581">
<subfield code="a">
Publication: Beck, Brenda E. F. The three twins : the telling of a South Indian folk epic (Bloomington: Indiana University Press, 1982)
</subfield>
</datafield>
<datafield ind1=" " ind2="0" tag="650">
<subfield code="a">Epic poetry, Tamil.</subfield>
</datafield>
<datafield ind1=" " ind2="0" tag="650">
<subfield code="a">Epic literature, Tamil.</subfield>
</datafield>
<datafield ind1=" " ind2="0" tag="650">
<subfield code="a">Tales</subfield>
<subfield code="z">India</subfield>
<subfield code="z">Tamil Nadu.</subfield>
</datafield>
<datafield ind1=" " ind2="0" tag="650">
<subfield code="a">Songs, Tamil</subfield>
<subfield code="z">India</subfield>
<subfield code="z">Tamil Nadu.</subfield>
</datafield>
<datafield ind1=" " ind2="0" tag="650">
<subfield code="a">Oral tradition</subfield>
<subfield code="z">India</subfield>
<subfield code="z">Tamil Nadu.</subfield>
</datafield>
<datafield ind1=" " ind2="0" tag="650">
<subfield code="a">Rites and ceremonies</subfield>
<subfield code="z">India</subfield>
<subfield code="z">Tamil Nadu.</subfield>
</datafield>
<datafield ind1=" " ind2="0" tag="650">
<subfield code="a">Festivals</subfield>
<subfield code="z">India</subfield>
<subfield code="z">Tamil Nadu.</subfield>
</datafield>
<datafield ind1=" " ind2="0" tag="650">
<subfield code="a">Hindu chants.</subfield>
</datafield>
<datafield ind1=" " ind2="0" tag="650">
<subfield code="a">Caste</subfield>
<subfield code="z">India</subfield>
<subfield code="z">Tamil Nadu.</subfield>
</datafield>
<datafield ind1=" " ind2="0" tag="651">
<subfield code="a">Tamil Nadu (India)</subfield>
<subfield code="x">Social life and customs.</subfield>
</datafield>
<datafield ind1=" " ind2="0" tag="651">
<subfield code="a">Tamil Nadu (India)</subfield>
<subfield code="x">Religious life and customs.</subfield>
</datafield>
<datafield ind1=" " ind2="7" tag="655">
<subfield code="a">Sound recordings.</subfield>
<subfield code="2">lcgft</subfield>
</datafield>
<datafield ind1=" " ind2="7" tag="655">
<subfield code="a">Interviews.</subfield>
<subfield code="2">lcgft</subfield>
</datafield>
<datafield ind1=" " ind2="7" tag="655">
<subfield code="a">Songs.</subfield>
<subfield code="2">lcgft</subfield>
</datafield>
<datafield ind1=" " ind2="7" tag="655">
<subfield code="a">Epic songs.</subfield>
<subfield code="2">lcgft</subfield>
</datafield>
<datafield ind1=" " ind2="7" tag="655">
<subfield code="a">Folk tales.</subfield>
<subfield code="2">lcgft</subfield>
</datafield>
<datafield ind1=" " ind2="7" tag="655">
<subfield code="a">Photographs.</subfield>
<subfield code="2">gmgpc</subfield>
</datafield>
<datafield ind1=" " ind2="7" tag="655">
<subfield code="a">Diaries.</subfield>
<subfield code="2">lcgft</subfield>
</datafield>
<datafield ind1=" " ind2="7" tag="655">
<subfield code="a">Field notes.</subfield>
<subfield code="2">afset</subfield>
</datafield>
<datafield ind1=" " ind2="7" tag="655">
<subfield code="a">Transcripts.</subfield>
<subfield code="2">afset</subfield>
</datafield>
<datafield ind1="1" ind2=" " tag="700">
<subfield code="a">Beck, Brenda E. F.,</subfield>
<subfield code="e">collector.</subfield>
</datafield>
<datafield ind1="1" ind2="2" tag="700">
<subfield code="a">Beck, Brenda E. F.</subfield>
<subfield code="t">
The examination of marriage ritual among selected groups in South India.
</subfield>
<subfield code="f">1964.</subfield>
</datafield>
<datafield ind1="1" ind2="2" tag="700">
<subfield code="a">Beck, Brenda E. F.</subfield>
<subfield code="t">
Social and conceptual order in Koṅku : a region of South India.
</subfield>
<subfield code="f">1968.</subfield>
</datafield>
<datafield ind1=" " ind2=" " tag="852">
<subfield code="a">Library of Congress</subfield>
<subfield code="b">Archive of Folk Culture, American Folklife Center,</subfield>
<subfield code="e">
101 Independence Ave. S.E., Washington, DC USA 20540-4610
</subfield>
<subfield code="u">http://hdl.loc.gov/loc.afc/folklife.home</subfield>
</datafield>
<datafield ind1="4" ind2="2" tag="856">
<subfield code="3">Finding aid</subfield>
<subfield code="u">https://hdl.loc.gov/loc.afc/eadafc.af020008</subfield>
</datafield>
<datafield ind1=" " ind2=" " tag="923">
<subfield code="a">Gift</subfield>
<subfield code="d">20200106</subfield>
<subfield code="i">Filed under Beck, Brenda</subfield>
<subfield code="n">338101</subfield>
<subfield code="s">Beck, Brenda</subfield>
</datafield>
<datafield ind1=" " ind2=" " tag="985">
<subfield code="a">afc/coll</subfield>
</datafield>
<datafield ind1=" " ind2=" " tag="985">
<subfield code="a">afc/ead</subfield>
</datafield>
</record>
</collection>